@Manual{2014opencv,
  title        = {Camera Calibration and 3D Reconstruction},
  edition      = {2.4.13.7},
  month        = {April},
  organization = {OpenCV},
  year         = {2014},
  notes        = {See \url{https://docs.opencv.org/2.4.13.7/modules/calib3d/doc/camera_calibration_and_3d_reconstruction.html}},
  url          = {https://docs.opencv.org/2.4.13.7/modules/calib3d/doc/camera_calibration_and_3d_reconstruction.html},
}

@Manual{manual2,
author =  {Jean-Yves Bouguet}, 
  title        = {Camera Calibration Toolbox for Matlab},
  organization = {Matlab},
  month = {October},
  year         = {2015},
  url          = {http://www.vision.caltech.edu/bouguetj/calib_doc/},
}